@misc{pic:own,
    author =        {Max Krummenacher},
    title =         {eigene Photographie},
}

@online{nzz:Klimawandel,
    author =        {},
    title =         {Klimawandel Dossier NZZ},
    url =           {https://www.nzz.ch/wissenschaft/dossiers/klimawandel/},
    note =          {[Online; besucht am 25. Oktober 2018]}
}

@online{wiki:PowerToGas,
    author =        {},
    title =         {Power-to-Gas --- {W}ikipedia{,} Die Freie Enzyklopädie},
    url =           {https://de.wikipedia.org/wiki/Power-to-Gas},
    note =          {[Online; besucht am 10. Oktober 2018]}
}

@book{stat,
    author =        {Bundesamt für Statistik},
    year =          {2018},
    title =         {Taschenstatistik der Schweiz 2018},
    publisher =     {Bundesamt für Statistik},
    location =      {Neuchâtel},
    ISBN =          {978-3-303-00574-3}
}

@online{wiki:Wasserstoff,
    author =        {},
    title =         {Wasserstoff --- {W}ikipedia{,} Die Freie Enzyklopädie},
    url =           {https://de.wikipedia.org/wiki/Wasserstoff},
    note =          {[Online; besucht am 19. Oktober 2018]}
}

@online{wiki:Elektrolyse,
    author =        {},
    title =         {Elektrolyse --- {W}ikipedia{,} Die Freie Enzyklopädie},
    url =           {https://de.wikipedia.org/wiki/Elektrolyse},
    note =          {[Online; besucht am 30. August 2018]}
}

@online{pic:Elektrolyse_Allgemein,
    author =        {},
    title =         {File:Elektrolyse Allgemein.jpg --- {W}ikimedia Commons},
    url =           {https://de.wikipedia.org/wiki/Elektrolyse#/media/File:Elektrolyse_Allgemein.jpg},
    note =          {[Online; besucht am 19. Oktober 2018]}
}

@online{wiki:Wasserelektrolyse,
    author =        {},
    title =         {Wasserelektrolyse --- {W}ikipedia{,} Die Freie Enzyklopädie},
    url =           {https://de.wikipedia.org/wiki/Wasserelektrolyse},
    note =          {[Online; besucht am 09. Oktober 2018]}
}

@online{wiki:Protolyse,
    author =        {},
    title =         {Protolyse --- {W}ikipedia{,} Die Freie Enzyklopädie},
    url =           {https://de.wikipedia.org/wiki/Protolyse},
    note =          {[Online; besucht am 10. Oktober 2018]}
}

@online{wiki:Faradaysche_Gesetze,
    author =        {},
    title =         {Faradaysche Gesetze --- {W}ikipedia{,} Die Freie Enzyklopädie},
    url =           {https://de.wikipedia.org/wiki/Faradaysche_Gesetze},
    note =          {[Online; besucht am 10. Oktober 2018]}
}

@online{wiki:Brennwert,
    author =        {},
    title =         {Brennwert --- {W}ikipedia{,} Die Freie Enzyklopädie},
    url =           {https://de.wikipedia.org/wiki/Brennwert},
    note =          {[Online; besucht am 20. Oktober 2018]}
}

@online{wiki:Enthalpie,
    author =        {},
    title =         {Enthalpie --- {W}ikipedia{,} Die Freie Enzyklopädie},
    url =           {https://de.wikipedia.org/wiki/Enthalpie},
    note =          {[Online; besucht am 10. Oktober 2018]}
}

@online{wiki:Elektrische_Energie,
    author =        {},
    title =         {Elektrische Energie --- {W}ikipedia{,} Die Freie Enzyklopädie},
    url =           {https://de.wikipedia.org/wiki/Elektrische_Energie},
    note =          {[Online; besucht am 14. September 2018]}
}

@online{wiki:Wirkungsgrad,
    author =        {},
    title =         {Wirkungsgrad --- {W}ikipedia{,} Die Freie Enzyklopädie},
    url =           {https://de.wikipedia.org/wiki/Wirkungsgrad},
    note =          {[Online; besucht am 14. September 2018]}
}

@online{net:Faradayscher_Wirkungsgrad,
    author =        {},
    title =         {Der Faraday'sche Wirkungsgrad --- ChemgaPedia},
    url =           {http://www.chemgapedia.de/vsengine/tra/vsc/de/ch/16/pc/elektrochemie/brennstoffzellen/h_tec/experimente/experimente.tra/Vlu/vsc/de/ch/16/pc/elektrochemie/brennstoffzellen/h_tec/experimente/exp4.vlu/Page/vsc/de/ch/16/pc/elektrochemie/brennstoffzellen/h_tec/experimente/ex4_berechnung2.vscml.html},
    note =          {[Online; besucht am 17. Oktober 2018]}
}

@online{net:H_TEC,
    author =        {},
    title =         {H-TEC Website --- Series-ME},
    url =           {https://www.h-tec-systems.com/produkte/elektrolyseure/h-tec-series-me/#dataSheetCollapse},
    note =          {[Online; besucht am 24. Oktober 2018]}
}

@online{net:idw,
    author =        {},
    title =         {idw-online --- Neue Studie: Wasserelektrolyse hat Potenzial zur Gigawatt-Industrie},
    url =           {https://idw-online.de/de/news?print=1&id=702390},
    note =          {[Online; besucht am 24. Oktober 2018]}
}
