@book{Goodfellow-et-al-2016,
    title={Deep Learning},
    author={Ian Goodfellow and Yoshua Bengio and Aaron Courville},
    publisher={MIT Press},
    note={\url{http://www.deeplearningbook.org}},
    year={2016}
}

@book{Nielsen,
    title={Neural Networks and Deep Learning},
    author={Michael Nielsen},
    year={2018},
    note={\url{http://neuralnetworksanddeeplearning.com}}
}

@inproceedings{nech2017level,
    title={Level Playing Field For Million Scale Face Recognition},
    author={Nech, Aaron and Kemelmacher-Shlizerman, Ira},
    booktitle={Proceedings of the IEEE Conference on Computer Vision and Pattern Recognition},
    year={2017}
}

@misc{wiki:perzeptron,
  author = {{Mehrere}},
  title = "Perzeptron --- {W}ikipedia{,} Die freie Enyklopädie",
  year = "2019",
  url = "https://de.wikipedia.org/wiki/Perzeptron",
  note = "[Online; besucht am 28. April 2019]"
}

@misc{wiki:sigmoidfunktion,
  author = {{Mehrere}},
  title = "Sigmoidfunktion --- {W}ikipedia{,} Die freie Enyklopädie",
  year = "2019",
  url = "https://de.wikipedia.org/wiki/Sigmoidfunktion",
  note = "[Online; besucht am 4. Mai 2019]"
}

@misc{wiki:kuenstliches_neuron,
  author = {{Mehrere}},
  title = "Kuenstliches Neuron --- {W}ikipedia{,} Die freie Enyklopädie",
  year = "2019",
  url = "https://de.wikipedia.org/wiki/K%C3%BCnstliches_Neuron",
  note = "[Online; besucht am 4. Mai 2019]"
}

@misc{wiki:kuenstliches_neuronales_netz,
  author = {{Mehrere}},
  title = "Kuenstliches Neuronales Netz --- {W}ikipedia{,} Die freie Enyklopädie",
  year = "2019",
  url = "https://de.wikipedia.org/wiki/K%C3%BCnstliches_neuronales_Netz",
  note = "[Online; besucht am 04. Mai 2019]"
}


@misc{wiki:sigmoidfunktion,
  author = {{Mehrere}},
  title = "Sigmoidfunktion --- {W}ikipedia{,} Die freie Enyklopädie",
  year = "2019",
  url = "https://de.wikipedia.org/wiki/Sigmoidfunktion",
  note = "[Online; besucht am 13. Juli 2019]"
}

@misc{wiki:tensor,
  author = {{Mehrere}},
  title = "Tensor --- {W}ikipedia{,} Die freie Enyklopädie",
  year = "2019",
  url = "https://de.wikipedia.org/wiki/Tensor",
  note = "[Online; besucht am 13. Juli 2019]"
}

@misc{net:intro_to_cnns,
  author = {Victor Zhou},
  title = "CNNs, Part 1: An Introduction to Convolutional Neural Networks",
  year = "2019",
  url = "https://victorzhou.com/blog/intro-to-cnns-part-1/",
  note = "[Online; besucht am 4. Mai 2019]"
}

@misc{deeplearning.ai:cnn,
  author = {Andrew NG - deeplearning.ai},
  title = "Convolutional Neural Networks (Course 4 of the Deep Learning Specialization)",
  year = "2017",
  url = "https://www.youtube.com/playlist?list=PLkDaE6sCZn6Gl29AoE31iwdVwSG-KnDzF",
  note = "[Online; besucht am 17. Juni 2019]"
}

@misc{wiki:sobel_operator,
  author = {{Mehrere}},
  title = "Sobel operator --- {W}ikipedia{,} The Free Encyclopedia",
  year = "2019",
  url = "https://en.wikipedia.org/wiki/Sobel_operator",
  note = "[Online; besucht am 17. Juni 2019]"
}

@misc{wiki:supervised_learning,
  author = {{Mehrere}},
  title = "Supervised learning --- {W}ikipedia{,} The Free Encyclopedia",
  year = "2019",
  url = "https://en.wikipedia.org/wiki/Supervised_learning",
  note = "[Online; besucht am 25. Juni 2019]"
}

@misc{wiki:unsupervised_learning,
  author = {{Mehrere}},
  title = "Unsupervised learning --- {W}ikipedia{,} The Free Encyclopedia",
  year = "2019",
  url = "https://en.wikipedia.org/wiki/Unsupervised_learning",
  note = "[Online; besucht am 25. Juni 2019]"
}

@misc{wiki:kernel,
  author = {{Mehrere}},
  title = "Kernel (image processing) --- {W}ikipedia{,} The Free Encyclopedia",
  year = "2019",
  url = "https://en.wikipedia.org/wiki/Kernel_(image_processing)",
  note = "[Online; besucht am 25. Juni 2019]"
}

@misc{wiki:cnn,
  author = {{Mehrere}},
  title = "Convolutional neural network --- {W}ikipedia{,} The Free Encyclopedia",
  year = "2019",
  url = "https://en.wikipedia.org/wiki/Convolutional_neural_network",
  note = "[Online; besucht am 25. Juni 2019]"
}

@misc{wiki:convolution,
  author = {{Mehrere}},
  title = "Convolution--- {W}ikipedia{,} The Free Encyclopedia",
  year = "2019",
  url = "https://en.wikipedia.org/wiki/Convolution",
  note = "[Online; besucht am 25. Juni 2019]"
}

@misc{wiki:normal_distribution,
  author = {{Mehrere}},
  title = "Normal distribution --- {W}ikipedia{,} The Free Encyclopedia",
  year = "2019",
  url = "https://en.wikipedia.org/wiki/Normal_distribution",
  note = "[Online; besucht am 26. Juni 2019]"
}

@book{Markl,
    title={Klett Markl Biologie Oberstufe},
    publisher={Juergen Markl},
    author={Sven Gemballa et al.},
    year={2010},
}

@misc{net:face_alignment,
  author = {Adrian Rosebrock},
  title = "Face Alignment wirth OpenCV and Python",
  year = "2017",
  url = "https://www.pyimagesearch.com/2017/05/22/face-alignment-with-opencv-and-python/",
  note = "[Online; besucht am 4. Juli 2019]"
}

@misc{net:facial_landmarks,
  author = {Adrian Rosebrock},
  title = "Facial landmarks with dlib, OpenCV, and Python",
  year = "2017",
  url = "https://www.pyimagesearch.com/2017/04/03/facial-landmarks-dlib-opencv-python/",
  note = "[Online; besucht am 4. Juli 2019]"
}

@misc{wiki:linear_separability,
  author = {{Mehrere}},
  title = "Linear separability --- {W}ikipedia{,} The Free Encyclopedia",
  year = "2019",
  url = "https://en.wikipedia.org/wiki/Linear_separability",
  note = "[Online; besucht am 9. Juli 2019]"
}

@misc{book:tensorflow,
title={ {TensorFlow}: Large-Scale Machine Learning on Heterogeneous Systems},
url={https://www.tensorflow.org/},
note={Software available from tensorflow.org},
author={Many},
  year={2015},
}
